@unpublished{GoodProbs,
  author = "Alexandru Niculescu-Mizil, Rich Caruana ",
  title  = "Predicting Good Probabilities With Supervised Learning",
  year   = "2005",
  url    = "http://machinelearning.wustl.edu/mlpapers/paper_files/icml2005_Niculescu-MizilC05.pdf"
}

@misc{KarlLeswing,
  author = "Karl Leswing",
  title  = "March Madness",
  year   = "2013",
  note   = "March Madness predictions with NN",
  url    = "http://karlleswing.com/projects/marchmadness.php"
}

@inproceedings{adams-dahl-murray-2010a,
 author    = "Ryan P. Adams and George E. Dahl and Iain Murray",
 title     = "Incorporating Side Information into Probabilistic Matrix Factorization Using
              Gaussian Processes",
  booktitle={Proceedings of the 26th Conference on Uncertainty in Artificial Intelligence},
  year={2010}
}

@misc{DannyTarlow,
  author = "Danny Tarlow",
  title  = "Data Driven March Madness Predictions",
  month  = "March",
  year   = "2009",
  url    = "http://blog.smellthedata.com/2009/03/data-driven-march-madness-predictions.html"
}

@misc{KennethDeakins,
  author = "Kenneth Deakins",
  title  = "Predicting The NCAA Tournament Using Machine Learning Methods",
  month  = "March",
  year   = "2012",
  url    = "http://www.teamrankings.com/blog/ncaa-basketball/predicting-the-ncaa-tournament-using-machine-learning-methods-state-geek-idol"
}

@ARTICLE{BradyWest,
title = {A Simple and Flexible Rating Method for Predicting Success in the NCAA Basketball Tournament: Updated Results from 2007},
author = {T., West Brady},
year = {2008},
journal = {Journal of Quantitative Analysis in Sports},
volume = {4},
number = {2},
url = {http://www-personal.umich.edu/~bwest/final\_version\_inpress.pdf}
}

@article{BradleyCarlin,
  author  = "Bradley P. Carlin",
  title   = "Improved NCAA Basketball Tournament Modeling via Point Spread and Team Strength Information",
  journal = "The American Statstician",
  year    = "1996",
  volume  = "50",
  number  = "1"
}

@article{ProbModelsNCAA-1991,
     jstor_articletype = {research-article},
     title = {Probability Models for the NCAA Regional Basketball Tournaments},
     author = {Schwertman, Neil C. and McCready, Thomas A. and Howard, Lesley},
     journal = {The American Statistician},
     jstor_issuetitle = {},
     volume = {45},
     number = {1},
     jstor_formatteddate = {Feb., 1991},
     pages = {pp. 35-38},
     url = {http://www.jstor.org/stable/2685236},
     ISSN = {00031305},
     abstract = {},
     language = {English},
     year = {1991},
     publisher = {American Statistical Association},
     copyright = {Copyright Â© 1991 American Statistical Association},
    }

@article{MoreProbModelsNCAA-1996,
  title={More probability models for the NCAA regional basketball tournaments},
  author={Schwertman, Neil C and Schenk, Kathryn L and Holbrook, Brett C},
  journal={The American Statistician},
  volume={50},
  number={1},
  pages={34--38},
  year={1996},
  publisher={Taylor \& Francis}
}

@misc{ScottTurner,
  author = "Scott Turner",
  title  = "Dr. Scott Turner on March Madness: The Pain Machine 2011",
  month  = "March",
  year   = "2011",
  url    = "http://blog.smellthedata.com/2011/03/dr-scott-turner-on-march-madness-pain.html"
}

 @misc{BradTuttle-2012,
  author = "Brad Tuttle",
  title  = "NCAA March Madness and Money, by the Numbers",
  month  = "March",
  year   = "2012",
  url    = "http://business.time.com/2012/03/15/ncaa-march-madness-and-money-by-the-numbers/"
}

@misc{DavidHolmes-2013,
  author = "David Holmes",
  title  = "Basketball and big data: Are robots the secret to winning your March Madness pool?",
  month  = "March",
  year   = "2013",
  url    = "http://pando.com/2013/03/17/basketball-and-big-data-are-robots-the-secret-to-winning-your-march-madness-pool/"
}

@misc{ChrisChase-2013,
  author = "Chris Chase",
  title  = "What are the odds of a perfect NCAA tournament bracket?",
  month  = "March",
  year   = "2013",
  url    = "http://www.usatoday.com/story/gameon/2013/03/19/ncaa-tournament-perfect-bracket-odds-quintillion/1999795/"
}

@misc{LeoBrieman-AdeleCutler-2013,
  author = "Leo Brieman, Adele Cutler",
  title  = "Package 'randomForest'",
  month  = "August",
  year   = "2013",
  url    = "http://cran.r-project.org/web/packages/randomForest/randomForest.pdf"
}

@misc{William-Cukiersk,
  author = "William Cukierski",
  title  = "Logarithmic Loss (LogLoss)",
  month  = "December",
  year   = "2013",
  url    = "https://www.kaggle.com/wiki/LogarithmicLoss"
}

@article{THOMASG.DIETTERICH:1999,
  author  = "THOMAS G. DIETTERICH",
  title   = "An Experimental Comparison of Three Methods for Constructing Ensembles of Decision Trees: Bagging, Boosting, and Randomization",
  journal = "Department of Computer Science, Oregon State University",
  year    = "1999",
  url     = "http://www.csd.uwo.ca/faculty/ling/cs860/papers/mlj-randomized-c4.pdf"
}

@article{HenrikBostrom,
  author  = "Henrik Bostrom",
  title   = "Estimating Class Probabilities in Random Forests",
  journal = "School of Humanities and Informatics, University of Skovde",
  url     = "http://www.diva-portal.org/smash/get/diva2:305369/FULLTEXT01.pdf"
}
